@article{sezen2021alternative,
	title={An alternative vorticity based adaptive mesh refinement (V-AMR) technique for tip vortex cavitation modelling of propellers using CFD methods},
	author={Sezen, Savas and Atlar, Mehmet},
	journal={Ship Technology Research},
	pages={1--21},
	year={2021},
	publisher={Taylor \& Francis}
}

@article{pewowaruk2021solution,
	title={Solution adaptive refinement of cut-cell Cartesian meshes can improve FDA nozzle computational fluid dynamics efficiency},
	author={Pewowaruk, Ryan and Li, Yanheng and Rowinski, David and Rold{\'a}n-Alzate, Alejandro},
	journal={International Journal for Numerical Methods in Biomedical Engineering},
	volume={37},
	number={4},
	pages={e3432},
	year={2021},
	publisher={Wiley Online Library}
}

@inproceedings{trebotich2008performance,
	title={Performance of embedded boundary methods for CFD with complex geometry},
	author={Trebotich, David and Straalen, BV and Graves, Dan and Colella, Phil},
	booktitle={Journal of Physics: Conference Series},
	volume={125},
	number={1},
	pages={012083},
	year={2008},
	organization={IOP Publishing}
}